@online{codemirror,
author = {Codemirror},
title = {CodeMirror},
howpublished = {https://codemirror.net/}
}